1921 3180
256 243 312 281 10

681 211 770 271 De
797 210 1069 294 Augment‘zls
1098 210 1458 268 Scientiarunz„

461 343 721 401 Bellicarum‚
734 347 778 390 ὃς
796 344 1074 408 Optimarum
1088 341 1260 389 Artium
1274 341 1410 408 gloria
1422 340 1619 390 floruisse.
1644 346 1721 391 Vi·

462 430 532 460 ros
547 412 670 479 quod
684 414 848 468 attinet,
858 409 1052 475 exemplo
1069 407 1120 457 sit
1132 408 1298 458 Nobile
1309 427 1383 477 par
1393 414 1724 478 Imperatorum,

465 480 703 528 Alexander
721 481 934 545 Magnus,
949 483 992 524 δε
1004 477 1134 525 Iulius
1149 478 1284 526 Caesar
1295 482 1510 537 Dictator,
1521 478 1621 526 alter
1630 483 1726 527 Ari—

465 549 624 596 stotelis
647 552 695 595 in
720 544 996 612 Philosophia
1018 547 1286 612 Discipulus,
1311 547 1413 595 alter
1435 552 1654 595 Ciceronis
1677 552 1721 595 in

465 617 650 665 dicendo
668 614 845 663 Riualis.
880 616 969 662 Aut
983 611 1015 661 fi
1027 620 1122 682 quis
1142 620 1327 683 requirat
1340 615 1726 683 petiusLiteratos,

468 690 599 752 quiin
620 684 756 732 claros
781 685 1058 750 Imperatores
1075 685 1305 743 euaserunt,
1334 684 1471 750 quam
1489 688 1726 752 Imperato-

467 772 543 812 res,
558 757 636 822 qui
648 749 875 817 insignitet
888 751 1009 800 doeh
1022 751 1208 807 fuerunt,
1225 750 1378 820 praeflo
1393 753 1450 800 est
1461 756 1730 821 Epaminon-

466 823 541 870 das
558 818 809 879 Thebanus,
834 836 907 869 aut
934 820 1193 890 Xenophon
1219 819 1520 880 Atheniensis,
1536 838 1728 889 quorum

469 890 540 939 ille
557 894 721 957 primus
735 886 832 949 fuit,
847 893 925 960 qui
938 887 1063 958 fregit
1075 897 1318 956 potentiam
1327 888 1647 958 Spartanorum,
1658 889 1730 937 hic

469 975 612 1007 autem
628 964 807 1026 primm,
819 964 897 1027 qui
912 956 1056 1006 strauit
1070 964 1190 1005 viam
1205 960 1260 1003 ad
1270 957 1535 1007 euerfionem
1549 963 1731 1007 Monar-

467 1026 574 1074 chiae
599 1027 829 1073 Persarum.
861 1025 981 1086 1stud
1008 1018 1108 1070 verb
1129 1022 1388 1080 Armorum,
1410 1026 1734 1095 Literarumque

472 1090 595 1162 quasi
605 1085 1056 1154 Coniugium,clariiis
1070 1087 1213 1138 adhuc
1223 1093 1268 1153 in
1279 1090 1731 1159 Temporibus,quam

471 1169 516 1209 in
531 1159 723 1207 Personis
734 1155 945 1215 elucescit,
957 1155 1125 1223 quante
1138 1162 1346 1206 nimirum
1363 1160 1561 1223 Seculum
1572 1164 1735 1210 Homi-

475 1247 529 1277 ne
552 1223 793 1276 Obiedtum
831 1225 1034 1291 grandius
1062 1225 1131 1275 est.
1181 1227 1275 1294 Ipsa
1305 1233 1467 1296 quippe
1497 1228 1734 1297 eademque

476 1303 713 1362 Tempora,
739 1295 854 1360 apud
874 1297 1118 1362 AEgyptios,
1140 1295 1348 1362 Assyrios,
1370 1296 1523 1357 Persas,
1545 1303 1737 1358 Graecos,

475 1369 547 1414 Ro
553 1363 806 1431 manesque,
818 1380 915 1432 quae
928 1380 1102 1430 propter
1113 1365 1313 1413 Bellicam
1322 1369 1536 1415 Virtutem
1545 1365 1737 1416 maxime

477 1431 753 1492 celebrantur,
765 1436 895 1482 etiam
909 1438 952 1478 &
974 1436 1120 1483 Literis
1136 1432 1378 1501 plurimum
1390 1434 1562 1484 fuerunt
1577 1434 1737 1485 nobili-

478 1519 562 1552 tata
574 1523 589 1561 ,-
611 1499 721 1551 adeo
742 1516 790 1550 vt
813 1499 1044 1569 grauiffimi
1068 1501 1284 1553 Authores
1309 1502 1664 1574 Philosophique,
1691 1511 1737 1552 &

478 1570 689 1621 clariffimi
701 1576 844 1620 Duces
855 1586 987 1641 atque
997 1574 1297 1640 Imperatores,
1308 1572 1464 1622 eodem
1473 1574 1614 1623 seculo
1627 1574 1739 1622 vixe-

478 1646 572 1691 rint.
608 1644 703 1689 Nec
715 1638 817 1690 sant}¹
829 1640 947 1689 aliter
963 1639 1052 1689 fieri
1062 1641 1212 1708 potest,
1236 1644 1603 1711 quandoquidem
1622 1659 1673 1693 vt
1694 1647 1742 1689 in

478 1714 690 1769 Homine,
711 1714 852 1776 Vigor
866 1714 1074 1777 Corporis
1086 1712 1339 1779 Animique‚
1352 1707 1480 1759 fimul
1501 1709 1589 1773 fere
1603 1722 1741 1758 rnatu-

481 1779 660 1836 rescunt,
671 1775 755 1825 nisi
769 1777 894 1844 quod
908 1777 978 1825 ille
987 1776 1104 1825 hunc
1118 1776 1249 1843 paulo
1264 1794 1515 1826 anteuertat:
1534 1777 1644 1825 sicin
1660 1780 1745 1825 Re-

484 1839 870 1911 buspub.Militaris
886 1844 1027 1910 gloria
1039 1848 1308 1914 Literataque
1337 1853 1536 1914 (quarum
1548 1845 1620 1894 illa
1633 1849 1744 1893 Cor-

445 1923 449 1925 *
485 1918 579 1979 pori
594 1912 836 1979 respondet,
849 1911 940 1962 haec
951 1914 1133 1975 Animo)
1149 1930 1222 1965 aut
1235 1931 1382 1964 coaeua
1391 1912 1505 1976 sunt,
1515 1930 1587 1963 aut
1598 1915 1637 1962 le
1648 1929 1748 1982 pro-

484 1980 604 2028 xime
615 1982 954 2051 consequuntur.

560 2050 654 2094 Iam
670 2049 787 2105 verb,
800 2052 1100 2095 Eruditionem
1120 2054 1307 2113 politicis
1333 2050 1648 2116 impedimento
1672 2044 1751 2094 effe

489 2112 630 2184 potins
648 2111 787 2182 quam
808 2115 1079 2172 adiumento,
1103 2115 1164 2162 nil
1192 2113 1337 2163 minus
1363 2113 1594 2181 probabile.
1636 2119 1749 2165 Fate-

492 2201 589 2232 mur
601 2199 755 2231 omnes
773 2184 1048 2229 temerarium
1065 2182 1277 2250 quiddam
1293 2183 1383 2244 esse,
1403 2186 1643 2252 Empyricis
1658 2186 1753 2231 Me-

494 2254 599 2301 dicis
614 2255 799 2318 Corpus,
815 2248 1138 2299 &valetudinis
1159 2269 1306 2300 curam
1323 2252 1499 2311 tradere,
1523 2256 1600 2322 qui
1618 2250 1755 2301 solent

498 2338 631 2387 pauca
653 2318 854 2385 quaedam
867 2318 1204 2379 Medicamenta,
1230 2338 1328 2390 quae
1343 2321 1425 2370 illis
1438 2321 1637 2371 videntur
1647 2322 1756 2369 Pan-

505 2386 1090 2456 cresta,Venditare,quorum
1103 2386 1262 2437 fiducia
1273 2389 1379 2439 nihil
1397 2408 1486 2439 non
1500 2389 1659 2439 audent
1671 2405 1759 2436 ten-

502 2473 600 2515 tare,
614 2454 714 2504 cum
730 2472 875 2504 tamen
889 2473 1030 2526 neque
1043 2456 1194 2506 Causas
1209 2457 1545 2530 Morborfi‚neq;
1564 2462 1761 2524 AEgtoto-

504 2543 599 2573 rum
625 2523 827 2584 Habitus,
848 2542 991 2593 neque
1015 2529 1370 2593 Symptomatum
1391 2528 1595 2581 Pericula,
1618 2541 1758 2592 neque

503 2611 646 2642 veram
665 2594 851 2642 Sanandi
866 2592 1133 2642 Methodum
1149 2596 1341 2645 calleant.
1373 2598 1585 2647 Videmus
1596 2590 1758 2660 pariter

504 2679 634 2711 errare
645 2681 736 2723 eos,
749 2666 827 2731 qui
838 2661 892 2710 ad
906 2663 1061 2711 Causas
1085 2669 1129 2711 ὃς
1143 2668 1255 2715 Lites
1274 2667 1365 2715 [uas
1377 2663 1668 2734 expediendam,
1685 2660 1759 2709 ad-

1606 2728 1758 2778 hibent

1756 2813 1787 2821 ι-ι.
