1921 3180
305 285 397 346 142

746 257 836 316 De
863 256 1132 339 Augmenm
1159 254 1515 313 Scientiarum.)

532 350 1763 365 „m

527 397 624 451 Dei,
637 391 887 439 Conditoris
901 389 1281 453 omni-potentiam
1295 392 1338 434 &
1354 390 1606 453 Sapientiam
1627 385 1764 434 osten-

520 463 638 518 dunt,
651 463 889 525 Imaginem
906 460 992 503 eius
1005 453 1338 521 haudquaquam
1350 454 1599 522 depingunt.
1620 457 1765 524 Atque

522 529 655 577 bacin
669 545 726 586 re,
738 525 1015 573 ethnicorum
1029 526 1192 589 Opinio
1219 522 1242 569 a
1263 523 1372 571 sacra
1394 528 1576 572 Veritate
1598 525 1767 572 recedit.

520 598 586 646 Illi
602 594 812 664 siquidem
824 592 1044 640 Mundum
1057 593 1296 657 Imaginem
1315 595 1397 639 Dei
1409 591 1658 649 statuebant,
1668 595 1764 639 Ho-

521 670 685 713 minem
714 662 889 710 Mundi.
927 662 984 708 At
1021 662 1154 707 Sacrae
1190 662 1334 706 Literae
1352 657 1465 708 haud
1498 659 1569 707 tali
1597 659 1764 709 honore

520 732 740 781 Mundum
756 731 1000 798 dignantur,
1015 744 1059 776 vt
1071 732 1155 775 Dei
1171 727 1329 795 vspiam
1342 730 1494 794 Imago
1509 730 1679 786 dicatur,
1697 728 1764 776 sed

524 799 804 850 solummodo
839 802 958 866 Opus
983 799 1200 845 Mannum
1226 801 1313 843 eius
1339 819 1354 854 ,-
1395 800 1639 845 Hominem
1663 815 1765 846 vero

521 873 758 936 Imaginem
770 872 855 916 Dei
867 866 1111 914 immediate
1121 862 1387 913 substituunt.
1401 865 1632 924 Quocirca,
1644 864 1767 934 quod

526 937 574 987 fit
587 944 719 996 Deus,
729 937 850 1004 quod
867 939 1029 983 Rerum
1052 933 1254 982 Habenas
1277 937 1438 990 trae‘tet,
1458 934 1580 1002 quod
1605 932 1768 982 summe

523 1011 692 1066 Potens,
705 1005 829 1073 quod
846 1007 1014 1069 Sapiens
1035 1009 1077 1047 &
1098 999 1305 1059 Praescius,
1329 1003 1451 1068 quod
1466 1008 1625 1061 Bonus,
1647 1002 1770 1070 quod

524 1080 852 1130 Remunerator,
866 1070 990 1138 quod
1004 1069 1186 1127 Vindex,
1208 1070 1332 1135 quod
1351 1070 1624 1129 Adorandus‚
1645 1077 1773 1119 etiam

522 1163 571 1192 ex
585 1141 798 1209 Operibus
816 1145 903 1187 eius
917 1136 1215 1196 demonstrari,
1226 1145 1270 1184 &c
1295 1142 1432 1186 euinci
1443 1138 1579 1202 potest
1599 1146 1668 1187 e&
1681 1139 1772 1189 Ad-

526 1211 733 1260 mirabilia
757 1207 980 1275 complura
1008 1211 1166 1254 Secreta
1200 1213 1311 1255 circa
1335 1206 1552 1264 Attributa
1575 1211 1687 1265 eius,
1725 1215 1771 1255 δε

524 1279 665 1329 multo
681 1282 813 1344 magis
826 1281 937 1325 circa
951 1279 1182 1341 Regimen,
1203 1276 1246 1324 δὲ
1272 1275 1636 1342 Dispensationem
1655 1277 1772 1340 super

526 1349 777 1403 vniuerium,
793 1343 922 1391 etiam
945 1341 1083 1391 sobrie
1095 1362 1144 1390 ex
1161 1344 1310 1406 ijsdem
1334 1344 1425 1391 elici
1452 1349 1496 1390 δε
1518 1340 1773 1392 manifestari

526 1430 692 1484 queunt
705 1440 716 1475 3
732 1412 879 1479 estque
891 1411 1005 1459 istud
1016 1416 1341 1478 Argumentum
1350 1410 1374 1458 {1
1384 1411 1603 1460 nonnullis
1617 1410 1775 1460 Vtiliter

527 1486 839 1552 pertraCtatum.
873 1479 1042 1529 verum
1062 1499 1112 1528 ex
1135 1484 1289 1528 intuitu
1313 1483 1475 1529 Rerum
1486 1479 1775 1539 Naturalium,

531 1569 662 1622 atque
684 1550 883 1599 humanae
900 1551 1097 1597 Rationis
1112 1549 1350 1616 Principijs,
1362 1548 1415 1596 de
1433 1547 1547 1595 Fidei
1559 1548 1774 1615 Mysterijs

530 1622 594 1672 vel
607 1616 932 1674 ratiocinari,vel
945 1616 1073 1666 etiam
1086 1616 1253 1665 suadere
1267 1616 1558 1666 vehementius
1571 1643 1582 1675 ;
1602 1634 1676 1667 aut
1690 1634 1777 1666 rur-

528 1690 594 1739 sus
608 1707 655 1737 ea
665 1683 868 1737 curiosius
887 1686 1168 1752 introspicere,
1191 1692 1236 1731 &
1261 1686 1469 1742 ventilare,
1496 1692 1540 1732 &
1565 1686 1618 1733 de
1637 1685 1777 1736 modo

530 1757 721 1824 Mysterij
750 1757 962 1823 inquirere
974 1775 991 1810 3
1029 1751 1144 1819 haud
1173 1769 1312 1801 tutum
1337 1771 1440 1800 meo
1466 1754 1625 1803 iudicio
1641 1753 1778 1802 fuerit.¹

527 1833 599 1874 Da
620 1828 741 1872 Fidei
762 1841 842 1887 quae
862 1826 902 1868 F
904 1823 987 1869 idei
995 1824 1133 1884 sunt...
1183 1824 1305 1869 Nam
1327 1822 1393 1869 vel
1411 1820 1597 1878 Ethnici‚
1622 1826 1667 1868 in
1684 1821 1777 1869 illu-

532 1895 600 1942 stri
622 1893 694 1940 illa
717 1899 761 1938 &
782 1890 941 1947 diuina,
956 1889 1010 1937 de
1020 1887 1159 1935 Aurea
1170 1889 1348 1947 Catena,
1365 1886 1778 1955 Fabula,l1ocipsum
1818 1951 1819 1954 Ἰ

532 1961 786 2016 concedunt,
807 1960 913 2024 quod
929 1961 1066 2005 Iouem
1086 1960 1134 2004 de
1156 1959 1256 2004 Coelo
1276 1961 1333 2004 ad
1347 1964 1489 2005 Terras
1510 1959 1694 2006 deducere
1713 1975 1784 2003 nec

531 2034 717 2078 Homines
724 2039 945 2092 potuerunt,
960 2043 1028 2071 nec
1036 2028 1131 2089 D‘q'3
1151 2025 1175 2072 e*
1197 2028 1404 2081 contrario,
1415 2027 1520 2088 quod
1529 2029 1680 2089 Iupiter
1688 2036 1783 2089 per-

533 2098 688 2146 trahere
708 2114 773 2143 eos
790 2097 967 2158 potuerit
991 2093 1014 2141 e*
1042 2091 1166 2141 Temi
1190 2096 1245 2140 ad
1261 2094 1413 2140 Coelum.
1461 2095 1608 2159 Qre
1631 2091 1782 2143 frustra

533 2167 751 2221 sudauerit,
773 2165 850 2229 qui
871 2158 1058 2208 coelestia
1072 2158 1310 2224 Religionis
1327 2159 1504 2218 Arcana,
1537 2161 1690 2209 nostrae
1704 2163 1785 2209 Ra-

536 2239 642 2283 tioui
668 2232 862 2297 adaptare
882 2224 1130 2276 conabitur=
1169 2225 1351 2275 Decebit
1366 2226 1509 2295 potius
1525 2231 1784 2277 Mentesvno-

539 2302 635 2351 stras
652 2302 706 2349 ad
719 2296 900 2349 coelestis
914 2299 1107 2346 Veritatis
1122 2292 1358 2342 Thronum
1372 2297 1646 2347 adorandum
1660 2297 1784 2346 attol-

538 2370 629 2417 lere.
671 2374 722 2417 In
747 2366 825 2416 hae
847 2369 973 2432 igitur
996 2377 1112 2431 parte
1133 2363 1346 2426 Theologiae
1369 2367 1594 2422 Naturalis,
1618 2365 1784 2415 tantum

537 2436 653 2486 abest
670 2453 714 2484 vt
727 2434 958 2483 Defee‘tum
971 2433 1156 2500 aliquem
1169 2428 1407 2489 obstruem,
1422 2449 1466 2480 vt
1476 2432 1692 2483 Excessum
1705 2452 1783 2502 po-

540 2506 622 2554 tius
646 2507 879 2570 reperiam;
912 2502 968 2551 ad
993 2519 1126 2570 quem
1151 2498 1468 2549 subnotandum
1492 2502 1669 2569 paulum
1694 2504 1783 2551 sum

543 2573 765 2641 digressus,
799 2586 965 2637 proprer
988 2574 1173 2618 maxima
1198 2569 1489 2619 Incommoda
1514 2577 1558 2618 &
1586 2570 1784 2633 Pericula,

545 2661 641 2711 quae
663 2659 711 2690 ex
733 2658 785 2687 eo
809 2655 902 2686 tum
927 2638 1165 2705 Religioni,
1202 2653 1294 2684 tum
1319 2637 1603 2707 Philosophiae
1622 2643 1786 2705 impen-

546 2714 648 2762 dent
673 2738 685 2772 3
738 2722 885 2775 vtpote
915 2710 992 2772 qui
1031 2715 1076 2756 ὃς
1103 2703 1378 2771 Religionem
1403 2711 1657 2757 Haercticam
1685 2724 1784 2774 pro-

1644 2776 1783 2831 cudess
