1921 3180
453 204 768 264 LtssER
838 207 1217 270 PR1Mvs.

191 345 349 393 curiosa
364 341 554 391 efficiunt
569 361 616 389 ex
628 347 838 392 Varietate
850 345 1071 391 Lecstionis
1086 368 1096 402 3
1114 344 1178 391 vel
1195 350 1322 394 nimis
1336 351 1460 411 perti-

191 419 306 461 nacia
323 431 373 459 cx
394 416 552 479 Rigore
567 411 846 477 Regularum,
858 412 924 460 vel
942 417 1071 461 nimis
1090 413 1255 461 tumida
1269 433 1318 461 ex
1331 419 1458 481 Mag-

188 482 384 530 nitudinc
414 480 749 547 Exemplorum,
799 481 866 528 vel
900 486 1030 529 nimis
1057 488 1374 550 extrauagantia
1404 502 1454 532 ex

186 549 539 599 Dillimilitudine
561 550 899 616 Exemplorum,
927 555 1036 620 quin
1062 551 1208 600 saltem
1231 569 1456 621 vtcunque

185 637 379 674 auertere,
408 627 450 666 &
476 620 655 667 alienare
672 623 860 667 Animos
881 619 904 666 ἐι
928 624 1148 686 Negotijs‚
1178 627 1223 667 ὃς
1248 622 1453 680 Aetione,

183 692 275 751 Ου’]
291 706 340 735 ac
356 688 540 736 Secessus
566 706 763 736 amorem
786 687 1058 736 instillantes:
1087 690 1186 737 dein
1203 688 1452 757 Rebuspub.

182 758 381 806 inducere
396 757 642 824 Disciplina:
654 757 1003 817 Relaxationem,
1029 757 1136 806 dum
1158 760 1451 829 vnusquisque

182 832 423 893 promptior
444 826 500 874 est
527 827 581 875 ad
608 826 950 893 Disputandum,
973 826 1109 895 quam
1127 829 1182 876 ad
1209 827 1448 894 Obtempe-

180 895 377 944 randum.
408 896 538 945 Vnde
559 900 672 944 Cato
688 897 931 956 Censorius,
955 914 1057 944 cum
1074 900 1224 963 primis
1250 896 1453 945 Mortali-

177 982 258 1011 um·
278 964 453 1030 sapiens,
479 962 553 1013 vbi
575 970 778 1013 quentus
796 969 1002 1014 Romana
1013 967 1066 1014 ad
1081 966 1347 1014 Carneadem
1363 965 1455 1015 Phi-

176 1033 430 1098 losophum,
460 1034 536 1097 qui
561 1047 732 1077 venerat
752 1034 951 1078 Romam
974 1037 1156 1096 Legatus
1174 1070 1188 1090 ‚
1221 1035 1449 1083 dulcedine

175 1117 304 1166 atque
319 1098 530 1146 maiestate
542 1097 811 1164 Eloquentia:
838 1098 926 1162 eiua
951 1112 1092 1161 capta,
1118 1099 1312 1166 vndique
1342 1119 1450 1149 con-

177 1167 332 1225 flueret,
357 1166 571 1235 frequenti
588 1170 742 1213 Senatu
758 1162 936 1211 Author
946 1160 1037 1223 fuit,
1062 1181 1110 1213 vt
1135 1166 1344 1233 expeditis
1358 1172 1448 1216 Ne-

175 1241 322 1301 gorm,
332 1243 479 1302 primo
494 1252 675 1303 quoque
690 1250 888 1302 tempore
900 1232 1163 1282 dimitterent
1175 1238 1444 1296 Hominem,

177 1323 229 1351 ne
242 1309 422 1352 Cinium
437 1304 627 1352 Animos
641 1301 849 1360 inficeret,
874 1309 916 1349 δε
943 1301 1176 1363 fascinaret,
1202 1311 1245 1352 ὃς
1263 1310 1444 1373 necopi-

174 1372 376 1422 nantibus
391 1376 577 1422 Morum
595 1372 1068 1439 Consuetudinumque
1089 1378 1322 1439 patriarum
1348 1392 1444 1423 mu-

173 1447 381 1491 tationem
407 1443 641 1493 induceret.
677 1446 782 1490 Hoc
802 1446 931 1490 etiam
956 1447 1176 1509 permouit
1189 1442 1440 1509 Virgilium,

172 1511 298 1572 (dum
317 1512 465 1561 Studia
477 1512 549 1561 sua
564 1513 712 1561 Patria:
727 1510 1033 1560 existimationi
1043 1509 1363 1579 post-haberet)
1393 1528 1442 1561 vt

172 1581 291 1629 Artes
316 1582 519 1631 Politicas
548 1581 572 1630 a
596 1585 803 1631 Literariis
829 1581 1076 1649 segregaret,
1099 1581 1194 1630 illas
1220 1584 1443 1630 Romanis

171 1651 416 1710 vendicans,
437 1651 512 1700 has
529 1655 685 1701 Graecis
698 1651 961 1720 relinquens,
983 1654 1031 1699 in
1058 1647 1245 1700 versibus
1262 1650 1346 1699 illis
1368 1651 1444 1717 deg

168 1735 360 1776 cantatis,
1106 1779 1109 1781 Δ
1137 1776 1140 1779 ¹
1229 1773 1233 1776 ,

324 1784 387 1834 Tic
398 1806 534 1848 regere
547 1791 708 1852 imperio
710 1791 877 1853 populos
886 1792 1064 1835 Romane
1073 1802 1261 1836 memento

321 1859 393 1901 Hae
406 1855 479 1901 tibi
489 1871 605 1903 emmt
625 1870 741 1904 artes.
782 1882 893 1895 0——

165 1921 374 1971 Videmus
393 1928 519 1971 etiam
544 1927 746 1989 Anytum
771 1928 953 1973 Socratis
979 1922 1317 1982 Accusatorem,
1352 1939 1433 1988 pro

166 1994 345 2036 crimine
359 1996 394 2037 ei
408 1990 618 2051 obiecisse,
644 1993 769 2060 quod
797 1998 841 2041 vi
870 2000 915 2041 δε
934 1997 1133 2042 varietate
1156 1997 1435 2047 Sermonum,

163 2075 213 2107 ac
225 2059 584 2124 Disputationum
605 2061 792 2112 suarum,
811 2060 1127 2103 Authoritatetn
1144 2063 1193 2102 δε
1216 2058 1433 2103 Reueren-

164 2129 270 2173 tiam
295 2131 475 2192 Legum,
503 2120 977 2189 Consuetudinumque
1001 2127 1238 2190 patriarum
1257 2156 1269 2177 ,
1315 2124 1433 2190 apud

161 2195 465 2244 -Adolescentes
481 2198 760 2241 imminueret
778 2216 789 2250 3
808 2187 1022 2261 quodque
1035 2192 1140 2239 Arte
1158 2190 1432 2258 profiteretur

163 2262 462 2328 perniciosam,
486 2269 529 2309 <Sc
554 2261 743 2328 periculo
758 2260 946 2328 plenam,
969 2260 1058 2330 qua
1069 2264 1167 2329 quis
1183 2259 1430 2320 instruetur,

163 2331 416 2383 deteriorem
430 2332 600 2381 cansam
616 2331 840 2380 meliorem
855 2330 1020 2389 faceret,
1032 2332 1345 2397 veritatemque
1363 2333 1427 2396 ip-

169 2399 252 2449 sam
271 2402 543 2471 Eloquentiae
565 2418 770 2469 apparatu
795 2396 1006 2449 obrueret.

231 2470 393 2520 Verum
411 2471 475 2521 hae
488 2475 1089 2537 Criminationes‚caeteraeque
1100 2465 1244 2523 eiusde
1265 2464 1428 2529 farinae,

172 2535 313 2602 potius
323 2542 546 2605 personata
558 2541 776 2590 Grauitate
785 2558 868 2607 prae
878 2539 916 2587 se
928 2535 1219 2606 ferunt,quam
1229 2539 1427 2585 Veritatis

169 2607 383 2655 Candore.
405 2611 606 2660 Testatur
620 2615 736 2659 enim
750 2608 1026 2676 Experientifit,
1052 2604 1156 2655 ficut
1169 2623 1281 2655 vnos
1295 2621 1426 2674 atque

169 2672 292 2724 eosde
307 2676 598 2739 Homines,s1c
609 2697 694 2729 vna
706 2678 944 2748 eademque
955 2681 1243 2745 Tempora,&
1261 2678 1424 2790 Rgulpi

902 2751 941 2795 C
1344 2761 1363 2789 e
1398 2759 1427 2788 1-
