1921 3180
957 148 992 161 s„

737 215 828 275 De
845 214 1114 299 Augmentis
1139 216 1495 273 Scientiarum)

490 354 716 415 clusiones,
740 354 890 417 (etiem
909 373 965 403 eae
976 373 1072 422 quae
1088 372 1201 402 nunc
1215 357 1333 410 tritae,
1363 358 1406 399 δε
1424 352 1601 418 vulgatae
1616 351 1730 407 sunt)

493 440 594 474 tunc
619 429 817 492 temporis
840 442 965 472 nouae
983 431 1026 470 ὃς
1040 420 1206 471 insuetae
1218 421 1356 478 essent,
1367 424 1436 468 vix
1448 420 1564 469 illam
1583 418 1738 468 subtili-

442 545 445 547 ,
495 510 626 542 tatem
641 492 1280 560 capiebantlngeniaHumana,
1304 485 1383 535 nisi
1404 489 1577 556 propius
1604 507 1660 536 eae
1684 489 1739 537 ad

496 563 674 611 Sensum
684 580 753 628 per
764 560 1008 609 huiusmodi
1018 562 1103 606 Sim
1109 557 1341 617 ulachra‚&
1352 557 1552 625 Exempla
1563 556 1742 606 deduce-

488 647 652 681 rentur.
669 636 812 694 Qare
826 632 975 676 omnia
991 627 1101 696 apud
1113 625 1479 687 illos,l²abularum
1491 630 1745 692 omnigena-

496 719 607 757 rum,
627 709 671 750 &
685 694 957 756 Parabolaru‚
970 703 1013 744 ὃς
1028 691 1338 764 AEnigmatum,
1349 701 1394 743 &
1411 694 1739 747 fimilitudinum

495 768 618 837 plena
628 766 804 816 fuerunt.
850 770 970 814 I-Iinc
992 764 1168 813 Tefferae
1198 763 1468 831 Pythagorae,
1497 767 1741 830 AEnigmata

499 834 710 904 Sphingis,
721 836 863 902 AEsopi
872 832 1054 894 Fabulae,
1067 840 1112 880 δε
1124 830 1288 883 fimilia.
1307 830 1558 900 Qinetihm
1575 829 1743 900 Apoth-

497 904 714 972 tbegmata
741 919 929 953 veterum
954 906 1199 970 Sapientum
1225 900 1314 950 fere
1349 919 1422 968 per
1444 898 1738 949 similitudines

496 992 588 1023 rem
615 970 980 1022 demonstrabant.
1019 973 1139 1017 Hine
1163 972 1395 1018 Menenius
1421 971 1605 1037 Agrippa
1631 967 1740 1037 apud

500 1048 725 1092 Romanos
743 1043 941 1095 (Gentem
955 1055 1008 1086 eo
1016 1036 1156 1086 seculo
1169 1034 1351 1087 minime
1367 1037 1589 1094 literatam)
1611 1038 1747 1086 sediti-

488 1127 630 1157 onem
641 1106 799 1156 Fabula
810 1103 1005 1174 repreffit.
1019 1110 1220 1174 Denique
1233 1122 1277 1155 vt
1287 1103 1626 1172 Hieroglyphica
1638 1109 1746 1154 Lite-

502 1183 569 1236 ris,
579 1181 636 1225 ita
650 1173 869 1225 Parabolae
884 1176 1158 1240 Argumentis
1172 1191 1288 1224 erant
1299 1179 1573 1241 antiquiores.
1599 1176 1746 1241 Atque

501 1244 631 1296 hodie
642 1245 764 1293 etiaim
781 1251 826 1292 δε
839 1243 1010 1311 semper,
1021 1247 1197 1292 eximius
1206 1242 1277 1302 est,
1290 1251 1335 1292 &
1348 1240 1428 1290 fuit
1438 1240 1746 1290 Parabolarum

506 1320 644 1382 vigor,
655 1314 758 1362 curn
771 1332 848 1362 nec
863 1314 1130 1379 Argumenta
1141 1329 1228 1361 tarn
1241 1314 1451 1381 perspicua
1461 1328 1557 1372 ,nec
1572 1327 1671 1360 vera
1683 1328 1750 1357 ex-

506 1382 648 1450 empla
674 1398 762 1430 tam
782 1380 977 1448 apta,effe
998 1377 1163 1448 possint.

568 1450 689 1498 Alter
699 1449 757 1497 est
772 1450 863 1497 vsus
873 1451 1033 1513 Poefios
1049 1449 1300 1506 Parabolicae,
1313 1452 1440 1517 priori
1453 1444 1575 1516 quasi
1584 1461 1748 1495 contra-

507 1524 603 1577 rius,
616 1522 693 1587 qui
706 1516 804 1567 facit
820 1525 881 1576 (vt
894 1519 1102 1582 diximus)
1116 1518 1170 1566 ad
1184 1519 1435 1566 Inuolucrum
1447 1546 1458 1575 ·‚
1472 1534 1615 1565 earum
1630 1532 1750 1564 nem·-

507 1586 561 1656 pe
587 1591 764 1644 Rerum,
776 1603 956 1655 quarum
981 1586 1166 1654 dignitas
1184 1600 1392 1653 tanquam
1420 1585 1517 1634 velo
1554 1585 1750 1655 quodam

507 1655 674 1705 discreta
688 1654 767 1703 esse
780 1672 1019 1704 mereatur:¹
1042 1659 1144 1703 Hoc
1159 1653 1229 1712 est,
1243 1657 1346 1701 cum
1370 1654 1555 1703 Occulta
1587 1662 1631 1702 δε
1651 1655 1755 1717 My.-

512 1725 631 1773 steria
644 1725 894 1790 Religionis,
915 1723 1118 1779 Politicae,
1133 1730 1178 1769 δε
1193 1721 1486 1789 Philosophiae,
1511 1719 1678 1770 Fabulis
1706 1727 1752 1767 &

509 1791 725 1842 Parabolis
749 1792 993 1841 vestiuntur.
1044 1789 1207 1841 -Vtrum
1222 1789 1326 1838 vero
1350 1789 1516 1839 Fabulis
1540 1786 1752 1838 veteribus

513 1864 752 1920 Poetarum,
787 1858 917 1908 {ubfit
938 1860 1090 1928 aliquis
1115 1858 1260 1907 Senfiis
1286 1857 1504 1922 mysticum,
1525 1854 1756 1906 dubitatio-

512 1947 612 1977 nem
626 1927 881 1977 nonnullam
894 1926 1024 1976 habet
1039 1947 1051 1975 ε
1089 1922 1319 1996 Atqueipfi
1332 1924 1441 1975 certe
1452 1925 1647 1983 fatemur,
1675 1942 1753 1973 nos

512 2002 557 2045 in
569 2014 663 2045 eam
678 1997 924 2045 sententiam
938 1997 1212 2064 propendere,
1227 2012 1272 2044 vt
1283 2013 1375 2044 nori
1388 1998 1530 2060 paucis
1545 1994 1757 2062 Antiquo-

511 2083 607 2114 rum
622 2069 848 2113 Poetarum
861 2062 1310 2129 Fabulis,Mysterium
1333 2062 1521 2111 infusum
1541 2060 1661 2110 fuiffe
1683 2078 1758 2128 pu-

516 2150 665 2181 temus.
725 2136 884 2198 Neque
909 2151 989 2180 nos
1013 2147 1175 2190 mouet,
1205 2130 1328 2198 quod
1351 2130 1428 2177 ista
1447 2133 1587 2178 Pueris
1601 2127 1755 2188 fere‚&

515 2203 813 2250 Grammaticis
835 2200 1141 2267 relinquantur,
1153 2206 1197 2246 &
1213 2198 1422 2256 vilescant,
1436 2213 1480 2245 vt
1495 2198 1547 2246 de
1560 2197 1641 2246 illis
1654 2215 1759 2246 con-

515 2269 708 2335 temptim
720 2268 964 2317 sententiam
978 2266 1159 2316 feramus
1174 2287 1184 2313 ε
1211 2270 1330 2330 Qin
1341 2265 1504 2325 contri,
1515 2266 1619 2314 curn
1634 2262 1758 2331 plane

515 2337 676 2384 constet
687 2338 833 2403 scripta
845 2336 928 2396 illa,
942 2354 1036 2404 quae
1048 2334 1224 2384 Fabulas
1237 2335 1332 2383 istas
1345 2340 1580 2393 recitant,ex
1591 2337 1758 2403 Scriptis

522 2408 786 2465 Hominum,
817 2405 912 2472 post
931 2408 1082 2454 Literas
1108 2410 1263 2463 Sacras,
1278 2403 1356 2453 esse
1381 2400 1692 2471 antiquiffima,
1715 2410 1760 2451 &

524 2470 659 2538 longe}
670 2470 732 2519 his
748 2479 1005 2540 antiquiores
1017 2471 1190 2523 Fabulas
1203 2473 1305 2540 ipsas
1319 2499 1330 2531 3
1347 2472 1370 2532 ζ
1373 2470 1527 2520 etenim
1555 2462 1761 2540 tanquam

529 2539 642 2606 prius
659 2541 823 2588 creditae
841 2549 884 2588 δε
901 2559 1086 2610 receptae,
1111 2560 1203 2590 non
1219 2558 1425 2609 tanquam
1454 2545 1696 2607 excogitatae
1706 2538 1761 2589 ab

527 2609 606 2656 illis
624 2607 900 2676 Scriptoribus
910 2612 1157 2667 referuntur)
1175 2610 1372 2659 videntur
1385 2608 1462 2657 effe
1481 2608 1610 2659 instar
1630 2613 1762 2657 tenuis

530 2676 748 2726 cuiusdam
761 2694 883 2737 aurae,
893 2696 988 2745 quae
1001 2699 1049 2727 ex
1063 2675 1357 2727 traditionibus
1369 2681 1616 2728 Nationum
1630 2682 1764 2744 magis

1648 2747 1766 2793 Anti-
