1921 3180
717 189 808 251 De
825 190 1094 275 Augmentiz
1118 191 1473 250 Scientiarum„

469 287 1723 307 ----—-—-——-—-——————-——-

458 338 705 399 fhetudinem
728 330 833 380 nibil
854 330 970 396 posse
993 348 1004 374 τ
1030 327 1236 393 Exemplo
1268 327 1384 385 vsus;
1408 329 1580 391 Qodst
1603 331 1726 392 Lapis

470 407 603 449 millies
607 403 837 467 pro'q'ciatur
846 403 887 444 in
902 398 1406 454 altum,nelnclinati0ncm
1426 399 1581 458 quidem
1592 398 1730 458 sponte

472 472 702 534 ascendendi
723 469 894 531 acquirit
915 484 929 513 .·
952 460 1218 527 Qinetiam,
1236 462 1356 530 quod
1367 463 1516 526 Saepias
1536 466 1733 520 videndo,

472 551 541 584 aut
572 538 785 591 Audiendo,
812 531 934 579 nihile
972 532 1111 595 melias
1140 543 1208 576 aut
1229 535 1433 588 (videmus,—
1453 543 1523 576 τιατ
1544 532 1730 577 audimus.

474 606 682 669 Qmuis
699 604 815 648 enim
831 598 913 648 boc
926 611 1064 647 teneat
1089 601 1134 644 in
1161 595 1398 664 aliquibus,
1415 596 1490 646 vbi
1508 604 1669 647 Natura
1677 597 1734 645 est

445 716 447 723 ,
477 674 757 739 peremptoria
784 669 929 729 (cuius
954 669 1034 715 Rei
1055 664 1226 714 Caussas
1261 664 1428 713 reddere
1450 669 1495 712 in
1518 665 1737 733 praesentiss.

446 752 448 765 ·
477 757 568 788 non
587 739 738 798 vacat)
754 734 875 784 aliter
885 752 1028 783 tamen
1040 739 1085 783 in
1094 733 1170 782 illis
1181 731 1244 792 fit,
1264 737 1309 781 in
1323 729 1482 801 quibus
1494 732 1735 792 Natura‚se-

477 807 670 856 cundum
693 803 978 853 Latitudinem
1000 801 1247 872 quandam,
1268 816 1427 867 patitur
1447 803 1736 849 Intentioncm

484 883 527 923 &
543 869 863 923 Remiffionem.
899 870 1011 921 Sane
1027 871 1165 920 videre
1177 874 1333 936 potuit,
1355 869 1628 917 chirothecam
1636 886 1739 936 pau-

454 954 455 957 ’
481 942 523 992 lb
535 946 770 999 arctiorem,
782 945 930 988 manui
940 937 1086 1006 saepius
1108 929 1370 998 inducendo,
1387 935 1742 999 laxioremreddi3

483 1013 670 1060 Baculum
679 1009 755 1055 vsu
780 1015 825 1054 ὃς
842 1008 965 1055 mora
986 1011 1031 1054 in
1043 1008 1309 1053 Contrarium
1321 1003 1466 1052 Flexus
1487 1005 1549 1052 {ui
1564 1008 1746 1055 Natura-

487 1079 532 1127 lis
553 1079 781 1133 incuruari,
801 1082 846 1123 δε
858 1079 902 1124 in
912 1075 1066 1123 eodem
1082 1077 1196 1121 Statu
1209 1071 1341 1140 paulo
1364 1072 1460 1140 post
1475 1072 1626 1121 durare
1634 1094 1651 1129 3
1668 1080 1750 1122 Vo-

487 1163 567 1194 cem
576 1144 1000 1209 exercitand0‚magis
1017 1140 1333 1190 fierirobustam
1351 1147 1394 1187 δε
1408 1140 1613 1189 sonoram
1618 1162 1634 1198 3
1656 1147 1750 1192 Fri-

480 1229 597 1278 gora,
614 1209 853 1277 AEstt'cmque
897 1214 1165 1275 conficetudine
1185 1209 1350 1259 tolerari
1361 1229 1376 1266 3
1406 1215 1451 1255 &
1475 1210 1658 1257 eiusdem
1680 1227 1751 1275 ge-

490 1286 596 1329 neris
618 1284 854 1346 complura.
889 1283 999 1344 Qae
1019 1280 1194 1347 quidem
1226 1277 1461 1345 posteriora
1487 1277 1579 1325 duo
1599 1279 1752 1325 Exem-

490 1350 560 1415 pla
584 1345 752 1415 propius
786 1349 997 1397 accedunt
1020 1348 1072 1396 ad
1094 1366 1198 1407 rem,
1220 1364 1356 1415 quam
1372 1364 1470 1414 quae
1495 1344 1548 1393 ab
1569 1344 1658 1413 ipso
1680 1345 1755 1394 ad-

493 1416 623 1464 ducta
632 1417 742 1462 sunt.
761 1415 980 1474 Attamen,
993 1432 1216 1486 vtcunque
1229 1414 1312 1463 hoc
1325 1414 1365 1463 se
1377 1413 1545 1471 habeat,
1556 1410 1651 1482 quo
1666 1430 1759 1461 ma-

466 1511 470 1533 1
493 1488 554 1549 gis
580 1500 729 1531 verum
750 1481 889 1544 fuerit,
906 1492 1007 1533 Tam
1026 1490 1227 1543 virtutes,
1248 1499 1368 1551 quam
1388 1487 1520 1541 vitia,
1539 1486 1580 1529 in
1602 1481 1759 1530 Habitu

466 1566 473 1592 u
494 1548 694 1609 conststere
706 1568 720 1604 ,-
749 1549 801 1595 eb
822 1559 959 1615 magis
981 1558 1018 1598 ei
1029 1552 1386 1599 contendendum
1408 1550 1556 1607 fuerat,
1579 1565 1626 1598 vt
1640 1554 1761 1599 Nor-

497 1636 589 1665 mas
605 1613 893 1681 praescriberet,
902 1615 1137 1683 quomodo
1147 1615 1394 1666 huiusmodi
1405 1615 1591 1666 Habitus
1606 1614 1763 1667 fiierint

498 1683 761 1751 acquirendi,
780 1700 852 1733 aut
865 1683 1114 1732 amonendi.
1148 1684 1339 1732 Plurima
1362 1681 1578 1752 siquidem
1601 1684 1766 1735 confici

500 1751 656 1822 poffint
668 1754 893 1820 Praecepta,
914 1750 968 1799 de
979 1750 1178 1818 prudenti
1201 1751 1472 1801 Institutione
1495 1751 1762 1804 Exercitatio-

476 1861 478 1865 .
505 1837 613 1870 num
626 1820 791 1879 Animi,
802 1836 896 1868 non
911 1818 1058 1868 minus
1069 1838 1205 1888 quam
1214 1825 1436 1888 Corporis.
1456 1821 1641 1870 Illorum
1663 1838 1768 1890 pau-

478 1888 481 1940 Ῑ
505 1889 601 1937 cula
612 1886 930 1937 recensebimus.

576 1958 775 2003 Primum
788 1960 875 2015 erit,
887 1972 934 2005 vt
947 1953 1295 2023 iarnaPrincipio
1318 1974 1563 2018 caueamus,
1583 1952 1768 2018 {Penfia

507 2026 723 2086 velmagis
732 2027 881 2084 arduis,
903 2028 989 2074 ‘vel
998 2031 1122 2090 magis
1136 2027 1301 2092 pufillzsse,
1322 2043 1454 2094 quam
1477 2043 1540 2074 res
1560 2025 1767 2095 postulat:

509 2097 628 2143 Nam
641 2088 673 2138 fi
686 2095 843 2141 Oneris
856 2098 1038 2143 nimium
1047 2099 1309 2162 imponatur,
1318 2096 1433 2163 apud
1444 2099 1672 2163 Ingenium
1683 2112 1767 2143 me-

513 2159 790 2217 diocre,ben?:
804 2163 1005 2229 Sperandi
1027 2163 1300 2212 Alacritatem
1312 2164 1530 2213 obtundes
1545 2190 1557 2224 3
1575 2163 1690 2232 apud
1699 2165 1765 2211 In-

514 2233 689 2294 genium
705 2228 873 2278 fiduciae
897 2231 1088 2298 plenum,
1110 2234 1383 2299 Opinionem
1409 2231 1663 2291 concitabis,
1684 2231 1769 2297 qua

516 2296 609 2360 plus
624 2294 705 2345 fibi
731 2299 983 2363 polliceatur,
1006 2317 1142 2368 quam
1165 2301 1358 2368 praestare
1377 2298 1528 2370 poffit;
1552 2299 1689 2364 Qod
1713 2298 1770 2346 se-

520 2379 622 2409 cum
658 2363 781 2414 trahit
805 2369 1072 2417 Socordiam.
1124 2371 1176 2416 In
1212 2384 1398 2438 Vtroque
1432 2387 1573 2420 autem
1598 2371 1766 2433 Ingenij

523 2432 896 2497 Temperamenm,
922 2435 994 2485 fiet
1018 2454 1066 2486 vt
1090 2441 1440 2504 Experimentum
1470 2438 1771 2502 Expestationi

532 2513 623 2544 non
641 2499 883 2554 satisfaciatz
905 2505 956 2553 Id
983 2506 1105 2574 quod
1129 2508 1346 2557 Animum
1356 2502 1520 2572 stmper
1543 2504 1701 2568 deijcit‚
1727 2510 1771 2552 &

530 2564 773 2619 confundit.
804 2572 941 2636 Qod
956 2570 988 2620 fi
1011 2574 1134 2641 pensa
1154 2575 1312 2625 leuiora
1335 2574 1503 2634 fuerint,
1525 2589 1685 2640 magna
1708 2577 1771 2620 in-

531 2633 759 2694 ducitur‚in
773 2640 1067 2704 progressionis
1081 2645 1270 2701 Summa,
1281 2644 1454 2690 Iastura.

1529 2706 1772 2757 Secundum
