1921 3180
286 231 372 291 114
738 210 828 269 De
849 210 1118 295 Augmentis
1143 214 1497 271 Scientiarum.)

491 348 704 412 formem,
739 360 783 400 δε
806 355 859 401 ad
882 358 1055 401 Formas
1075 351 1392 401 Indifferentcm
1412 353 1741 401 introduxerunt

496 422 516 480 ζ
524 438 566 468 vt
582 424 769 469 Plato&
792 422 1041 482 Aristoteles)
1070 418 1209 469 multo
1225 419 1349 468 etiam
1374 418 1548 487 propius
1571 426 1616 468 &
1642 437 1743 487 pro*

495 488 680 556 pennus,
701 490 755 537 ad
778 487 994 537 Parabolae
1011 487 1192 554 figuram
1205 486 1465 554 accesserunt.
1509 488 1742 538 Posuernnt

498 563 613 606 enim
636 562 855 605 Materiam
882 574 1091 624 tanquam
1114 556 1311 622 publicam
1333 561 1609 615 Meretricem,
1642 561 1682 602 F
1683 575 1742 606 or-

494 641 576 673 mas
599 623 697 673 vero
725 641 935 692 tanquam
953 631 1125 674 Procos:
1150 621 1276 672 Adeo
1297 640 1342 672 vt
1355 641 1506 673 omnes
1517 625 1571 673 de
1581 628 1744 673 Rerum
1811 655 1828 668 .

497 696 718 758 Piincipijs
741 697 981 759 Opiniones
1006 691 1091 741 huc
1112 692 1303 749 redeant,
1329 698 1372 738 &
1401 692 1454 741 ad
1478 693 1596 741 illam
1609 692 1744 741 distri-

497 760 723 810 butionem
745 759 1021 822 reducantur,
1053 777 1101 809 vt
1124 761 1321 809 Mundus
1350 756 1416 818 fit,
1441 761 1507 809 vel
1533 760 1557 808 a
1578 767 1740 810 Mercu.

495 835 554 878 rio
563 850 578 885 5
615 830 680 878 vel
703 828 929 896 §.Penelope
955 837 999 878 ἐξ.
1021 834 1159 879 Proca}
1180 826 1398 877 omnibus.
1437 832 1577 877 Tertia
1601 845 1744 877 autem

496 902 706 947 Generatio
725 903 861 958 Panis,
883 898 1094 947 eiusmodi
1117 897 1188 956 est,
1208 914 1256 945 vt
1277 897 1500 946 videantur
1518 898 1648 944 Graeci
1673 896 1743 945 ali-

500 966 683 1032 quidde
701 965 893 1014 Hebraeis
920 966 1151 1030 Mysterijs‚
1175 965 1242 1012 vel
1265 982 1338 1030 per
1357 968 1584 1032 AEgyptios
1614 969 1748 1014 Inter-

501 1039 698 1091 nuncios‚
721 1033 788 1080 vel
813 1032 1323 1099 vtcunque,inaudiuisse.
1356 1030 1541 1080 Pertinet
1554 1038 1674 1081 enim
1691 1032 1746 1082 ad

505 1106 668 1150 Statum
685 1102 862 1160 Mundi,
887 1120 979 1149 non
994 1107 1039 1149 in
1054 1105 1178 1149 meris
1194 1098 1421 1152 Natalibus
1446 1101 1540 1160 ἠύς,
1561 1100 1628 1150 sed
1649 1101 1750 1170 post

503 1170 682 1237 Lapsum
705 1169 880 1229 Adami,
902 1172 1038 1218 Morti
1063 1176 1106 1216 δε
1127 1172 1410 1237 Corruptioni
1433 1167 1687 1236 expofflum,
1703 1171 1751 1217 δι’

505 1235 750 1286 obnoxium
776 1236 956 1288 faetum.
998 1237 1072 1286 Ille
1084 1242 1201 1286 enim
1226 1242 1378 1297 StatuS,
1397 1242 1494 1297 Dei,
1518 1244 1563 1284 &
1588 1240 1754 1286 Peccati

509 1310 528 1367 (
538 1303 622 1353 siue
646 1307 957 1369 Contumeliae)
973 1305 1116 1355 Proles
1141 1304 1238 1361 fuit,
1258 1324 1307 1354 ac
1329 1322 1483 1354 manet.
1519 1309 1614 1353 Fuit
1636 1310 1754 1353 enim

506 1376 736 1420 Peccatum
755 1373 916 1422 Adami
941 1392 990 1421 ex
1011 1391 1162 1450 genere
1183 1376 1449 1430 Contumeliae,
1471 1370 1573 1422 cum
1589 1378 1677 1421 Deo
1695 1375 1754 1432 fi-

506 1443 609 1490 milis
625 1443 727 1498 fieri
744 1447 882 1490 evellet.
928 1444 1079 1510 Itaque
1101 1440 1246 1509 triplex
1273 1441 1350 1491 ista
1371 1445 1574 1491 Narratio
1598 1441 1651 1490 de
1676 1445 1756 1488 Ge-

506 1512 704 1557 neratione
720 1514 860 1567 Panis,
880 1510 1007 1558 etiam
1036 1527 1130 1559 vera
1153 1511 1283 1559 videri
1303 1505 1441 1576 poffit,
1460 1507 1585 1559 firite
1602 1515 1644 1557 ὅ(
1667 1511 1755 1558 Re-

510 1575 590 1626 bus
608 1582 653 1623 &
670 1575 964 1643 Temporibus
975 1577 1270 1646 distinguatur.
1310 1581 1430 1627 Nam
1443 1577 1519 1627 iste
1530 1584 1619 1626 Pan
1631 1578 1760 1646 (qua-

511 1645 596 1695 letn
618 1663 719 1693 eum
742 1664 860 1695 nunc
879 1651 1099 1696 intuemur
1120 1654 1165 1694 &
1187 1646 1533 1714 complefflmur)
1562 1665 1609 1695 ex
1629 1645 1758 1695 Verbo

511 1719 688 1771 Diuin0,
718 1714 930 1763 mediante
953 1716 1135 1764 confusa
1153 1716 1333 1763 Materia?
1360 1722 1373 1770 (
1385 1735 1483 1784 quae
1505 1731 1651 1766 tamen
1674 1712 1759 1782 ipsa

513 1786 596 1830 Dei
618 1784 746 1848 Opus
768 1787 874 1848 erat)
892 1790 936 1831 &
958 1782 1222 1833 subintrante
1244 1783 1594 1843 Praeuaricatione,
1623 1791 1667 1830 &
1684 1798 1758 1850 per

512 1867 607 1900 cam
621 1854 926 1918 Corruptione,
936 1856 1097 1903 Ortum
1109 1849 1248 1900 habet.

584 1922 760 1967 Naturae
779 1936 933 1977 rerum,
954 1925 996 1972 F
996 1934 1063 1968 ata
1083 1936 1216 1970 rerum
1235 1919 1390 1970 sorores
1415 1918 1513 1969 vere
1538 1915 1761 1987 perhiben-

513 2003 597 2044 tur,
620 1992 662 2032 δε
685 2003 921 2052 ponuntur.
950 1992 1060 2036 Fata
1080 1987 1195 2037 enim
1210 2006 1436 2045 vocantur,
1447 1992 1581 2038 Ortus
1601 2003 1760 2045 rerum,

519 2060 563 2104 &
586 2058 859 2114 Durationes,
873 2063 917 2103 &
929 2060 1124 2106 Interitus
1138 2082 1150 2118 3
1171 2074 1300 2127 atque
1311 2055 1604 2124 Depreffiones
1618 2054 1761 2113 etiam,

521 2128 565 2169 &
585 2124 838 2170 Eminentiae
855 2161 869 2183 ,
904 2130 950 2170 δε
970 2121 1180 2183 Labores,
1218 2134 1262 2172 ὃς
1298 2125 1548 2185 Felicitates,
1579 2126 1761 2191 denique

519 2189 805 2239 Conditiones
831 2209 1105 2260 quaecunque
1127 2192 1377 2242 Indiuidui:
1400 2210 1495 2261 quae
1511 2210 1654 2243 tamen
1678 2188 1761 2239 nisi

520 2263 564 2308 in
592 2258 827 2307 Indiuiduo
854 2257 995 2309 nobili
1024 2268 1192 2327 (vtpote
1212 2264 1427 2321 Homine,
1445 2279 1520 2312 aut
1530 2260 1659 2320 Vrbe,
1687 2257 1761 2309 aut

523 2329 673 2383 Gente)
688 2324 772 2376 fere
783 2346 874 2376 non
886 2325 1188 2396 agnoscuntur.
1223 2331 1362 2400 Atqui
1381 2331 1436 2379 ad
1456 2332 1551 2380 istas
1567 2330 1760 2379 Condici-

525 2411 629 2442 ones
643 2411 730 2443 tam
754 2400 884 2447 varias
899 2436 912 2457 ‚
943 2396 1116 2447 deducit
1136 2398 1365 2448 Indiuidua
1385 2398 1457 2448 illa
1480 2397 1644 2467 singula
1662 2405 1765 2456 Pan,

528 2464 687 2509 Rerum
716 2462 870 2512 scilicet
898 2469 1095 2523 Natura3
1139 2484 1187 2516 vt
1217 2485 1427 2538 tanquam
1460 2468 1609 2517 eadem
1633 2467 1682 2515 fit
1702 2482 1763 2513 res

531 2527 766 2597 (quatenus
787 2531 842 2580 ad
867 2534 1124 2598 Indiuidua)
1147 2540 1307 2586 Catena
1330 2541 1530 2596 Naturae‚
1565 2544 1608 2584 &
1629 2535 1765 2586 Pilum

530 2599 775 2647 Parcarum.
804 2600 874 2648 Ad
889 2599 978 2650 haec
990 2602 1162 2671 insuper
1172 2603 1384 2653 finxerunt
1394 2609 1597 2675 Antiqui,
1616 2613 1765 2655 Panem

530 2664 689 2734 semper
710 2664 785 2716 sub
806 2667 899 2717 Dio
923 2677 1098 2732 morari,
1112 2672 1179 2722 sed
1188 2680 1338 2723 Parcas
1361 2673 1437 2723 sub
1463 2676 1768 2743 Specuingenti

1674 2744 1767 2793 sub-

1920 1170 1921 1176 i
1919 1150 1921 1165 ,⁴
1911 1133 1921 1143 J
1918 1114 1921 1126 Α
1916 1086 1921 1109 22
1915 1058 1921 1081 .-.
1910 304 1921 1052 ,Λέμψμῴψῴῲ
1918 288 1921 299 μ
1912 260 1921 275 2„
1920 250 1921 254 „
1918 174 1921 186 ..
