1921 3180
265 267 329 313 50
720 238 813 299 De
831 237 1103 324 Augmentis
1129 240 1488 299 Scientiarunm

552 388 647 442 Iam
672 381 774 431 verb
809 386 1027 432 Doctrina
1044 417 1058 438 ‚
1087 396 1180 428 non
1204 383 1250 427 in
1270 378 1430 427 Ciuilia
1454 380 1651 439 tantum,
1673 397 1734 429 at-

476 471 563 522 que
583 456 704 503 Artes
735 449 1103 512 Pacis,influxum
1131 445 1289 508 habet,
1332 447 1402 496 sed
1426 453 1534 497 &in
1561 450 1735 498 militari

477 527 641 572 Virtute
660 532 825 571 exercet
846 524 938 569 vim
962 518 1111 576 suam,
1143 534 1194 580 ac
1218 520 1463 584 potentiam
1492 540 1505 574 ς
1542 524 1591 565 vt
1622 516 1736 566 clare

476 588 720 659 perspicitur
739 595 785 637 in
813 586 1028 654 Exemplis
1054 585 1288 634 Alexandri
1316 587 1499 652 Magni,
1531 592 1575 633 δε
1601 587 1737 634 Caesa-

475 664 530 707 ris
556 661 829 718 Distatoris5
875 659 1080 720 Qorum
1108 653 1233 703 antea
1266 650 1411 701 obiter
1438 658 1738 714 meminimus,

478 745 597 775 nunc
620 725 723 777 verb
755 742 802 775 ea
822 722 954 794 pauli)
980 720 1115 772 fufius
1147 719 1475 771 retraetabimus
1502 742 1513 768 ε
1561 724 1737 772 Horum

476 800 664 845 Virtutes
697 795 931 853 Militares,
973 799 1018 841 &
1044 796 1130 842 Res
1162 796 1209 841 in
1246 788 1365 839 bello
1402 789 1572 851 Gestas,
1603 791 1741 860 super-

475 882 716 914 uacaneum
729 863 825 913 esset
838 878 1015 922 notare,
1037 877 1110 910 aut
1132 857 1367 919 recensere,
1399 857 1502 907 curn
1528 865 1574 908 in
1597 878 1650 908 eo
1672 879 1744 927 ge-

477 951 575 982 nere
601 933 766 982 Mundi
796 930 1012 981 Miracula
1048 934 1257 979 extiterint
1283 948 1293 975 ε
1315 927 1385 976 sed
1423 928 1476 977 de
1496 929 1663 978 Amore
1684 934 1746 998 ip-

476 1001 638 1060 sorum,
664 1008 709 1049 &
734 1000 879 1047 studio
893 1009 991 1062 erga
1005 1002 1179 1053 Lite-ras,
1223 1001 1475 1042 nec-nonin
1501 996 1650 1059 iisdem
1667 1000 1747 1046 Ex.

479 1068 677 1116 cellentia
699 1063 891 1134 propria,
905 1081 1000 1112 non
1021 1063 1214 1112 alienum
1239 1066 1338 1118 erit,
1360 1057 1394 1110 fi
1414 1078 1549 1129 pauca
1572 1065 1747 1116 subiun-

482 1153 648 1204 gamus.

559 1203 778 1251 Educatus
803 1199 887 1249 fuit
906 1197 1170 1259 Alexander,
1208 1197 1478 1268 edoctusque
1502 1197 1558 1248 ab
1582 1200 1749 1251 Aristo-

487 1271 580 1329 tele,
604 1273 626 1332 (
640 1267 910 1337 Philosopho
937 1266 1051 1317 certe
1081 1275 1274 1335 magno)
1309 1272 1389 1337 q'ui
1425 1285 1520 1316 non
1546 1271 1694 1319 nullos
1723 1272 1748 1320 ὲ

487 1339 602 1389 libris
623 1338 707 1389 suis
741 1335 1055 1405 philosophicis
1076 1342 1113 1386 ei
1132 1339 1406 1402 nuncupauit
1431 1356 1442 1383 :
1483 1340 1525 1385 A
1550 1337 1677 1388 latere
1699 1340 1748 1390 il-

487 1409 570 1458 lius
594 1404 828 1475 nunquam
861 1402 1104 1455 discedebat
1124 1403 1405 1453 Callisthenes
1419 1444 1434 1465 ,
1476 1404 1638 1477 aliique
1660 1423 1751 1475 per-

489 1476 643 1527 eruditi
680 1480 784 1536 viri,
822 1479 902 1544 qui
928 1473 1077 1524 Castra
1111 1471 1429 1544 sequebantur,
1481 1481 1526 1523 &
1560 1480 1753 1543 perpetui

489 1561 633 1606 erant,
656 1546 864 1595 omnium
883 1546 974 1592 eius
997 1546 1207 1592 Itinerum
1230 1549 1277 1591 &
1297 1542 1639 1612 Expeditionum
1664 1548 1755 1594 Co-

492 1617 616 1664 mites
643 1635 656 1664 :
700 1617 808 1679 Qo
845 1628 991 1662 autem
1025 1616 1163 1681 pretio
1192 1611 1330 1663 literas
1366 1609 1593 1674 habuerit,
1636 1613 1757 1664 haud

491 1700 626 1751 pauca
653 1680 828 1751 liquidb
862 1681 1170 1732 demonstrant
1199 1701 1211 1728 ε
1259 1681 1392 1731 veluti
1424 1682 1624 1742 Inuidia,
1667 1682 1758 1752 qua

489 1752 674 1820 dignam
699 1751 862 1800 censuit
882 1748 1063 1799 Achillis
1086 1754 1349 1810 Fortunam,
1380 1749 1509 1818 quod
1532 1750 1757 1800 Gestarum

491 1824 655 1869 Rerum
673 1858 687 1880 ‚
708 1820 1001 1888 Laudumque
1018 1818 1204 1875 suarum,
1224 1821 1480 1866 Homerum
1504 1820 1757 1867 Praeconem

491 1893 722 1937 inuenerat.
783 1887 1001 1936 Iudicium
1029 1886 1084 1935 de
1108 1886 1297 1955 pretiosa
1318 1889 1443 1936 Darii
1463 1884 1651 1948 Arcula,
1691 1893 1759 1935 in-

495 1971 556 2004 ter
577 1956 743 2024 reliqua
769 1954 906 2022 spolia
923 1956 1086 2024 reperta
1098 1993 1112 2015 ,
1135 1955 1189 2004 de
1210 1956 1301 2023 qua
1318 1952 1422 2003 cum
1443 1953 1643 2017 Qaestio
1659 1971 1759 2003 mo-

497 2038 675 2082 ueretur,
694 2025 911 2093 quidnam
925 2021 1196 2087 potiffimum
1219 2024 1409 2088 dignum
1432 2022 1545 2078 esset,
1558 2022 1683 2090 quod
1711 2028 1758 2071 in

497 2091 546 2140 ei
568 2089 853 2148 afferuaretur,
875 2090 977 2154 ipse,
999 2086 1103 2137 cum
1125 2088 1198 2137 alii
1219 2089 1301 2136 alia
1327 2090 1529 2147 dicerent,
1552 2106 1633 2156 pro
1659 2092 1760 2139 Ho-

500 2163 608 2208 meri
643 2154 865 2227 Operibus
903 2155 1156 2203 sententiam
1196 2155 1305 2203 tulit.
1360 2155 1555 2223 Epistola
1596 2156 1754 2212 Obiur.

501 2229 667 2291 gatoria
708 2225 766 2276 ad
806 2221 1084 2275 Aristotelem
1124 2219 1274 2283 missa,
1315 2223 1558 2294 postquam
1601 2224 1756 2277 Libros

502 2292 789 2360 Physicorum
824 2290 1040 2352 edidisset,
1100 2295 1148 2340 in
1183 2292 1273 2360 quii
1309 2293 1576 2361 expostulat,
1631 2297 1756 2367 quod

474 2390 476 2416 1
505 2361 799 2431 Philosophiae
838 2359 1045 2427 Mysteria
1090 2359 1342 2428 euulgasset3
1377 2359 1596 2431 simulque
1622 2365 1784 2414 rescriss

508 2429 576 2480 bit
601 2468 616 2490 ,
677 2430 807 2481 malle
838 2430 880 2480 st
914 2426 1122 2480 omnibus
1152 2430 1359 2481 doctrina
1409 2438 1455 2480 δε
1489 2437 1760 2499 cognitione,

512 2498 649 2569 quam
686 2500 882 2568 potentia
924 2517 974 2548 ac
1012 2502 1200 2567 Imperio
1235 2499 1481 2570 praecellere.
1555 2504 1665 2551 Sunt
1711 2508 1758 2549 δε

515 2569 595 2618 alia
633 2586 731 2638 quae
760 2568 848 2618 huc
868 2568 1067 2638 spectant.
1126 2568 1217 2636 Ipst:
1247 2567 1378 2629 verb,
1419 2585 1558 2638 quam
1591 2568 1758 2639 egregie

516 2637 729 2687 Animum
753 2636 996 2688 excoluiffet
1034 2637 1232 2688 doctrina
1255 2677 1270 2700 ,
1316 2642 1364 2686 in
1412 2637 1622 2688 omnibus
1653 2643 1758 2694 ¹eius

516 2707 685 2767 Dictis,
718 2715 764 2756 δε
796 2702 1026 2776 Responsis
1058 2723 1255 2777 apparet,
1293 2708 1362 2758 vel
1389 2705 1535 2775 potius
1565 2704 1758 2774 refulget,

1611 2777 1760 2825 Erudix-

221 2832 1796 2858 *mm—-
