1921 3180
262 200 266 205 '
680 185 771 248 De
796 185 1070 269 Augmentii
1097 182 1456 242 Scientiarum.)

463 322 598 374 nandi
608 322 704 370 Viri
719 317 855 377 docti,
867 313 957 373 vbi,
969 313 1073 364 cum
1087 333 1148 365 res
1161 315 1365 384 postulat,
1376 316 1546 383 aliquid
1561 318 1612 365 de
1621 335 1712 384 gra-

463 399 591 443 uitate
607 388 680 438 suit
693 391 911 436 remittant
921 424 936 446 ,
968 382 1056 433 siue
1077 389 1317 454 imperante
1334 383 1567 434 neceffitate
1579 425 1593 445 ,
1628 383 1718 434 siue

462 469 716 530 impetrante
728 451 984 514 occas-ione5
1014 455 1141 522 quod
1166 459 1369 524 quamuis
1394 452 1561 503 humile
1575 455 1719 503 videa-

465 548 532 580 tur
549 568 574 590 ,‚
593 544 726 594 atque
747 522 893 573 seruile
911 527 1058 590 primo
1082 526 1269 583 intuitu,
1291 539 1435 572 tamen
1464 521 1602 573 verius
1628 540 1719 571 rem

464 598 705 654 aestimanti,
720 591 1002 642 censebuntur
1011 609 1107 640 non
1118 592 1395 652 Personae,sed
1407 592 1625 660 Tempori
1638 587 1720 658 ipsi

463 669 624 718 seruire.

532 733 768 801 Pergamus
785 741 906 780 nu-n’c
925 730 987 780 'ad
1006 731 1193 790 Errore's,
1215 725 1348 799 atque
1366 733 1534 788 Inanin,
1556 745 1655 798 quae
1679 732 1725 775 in

473 803 630 867 Studijs
653 799 756 868 ipfis
770 804 980 852 Virorum
1005 800 1248 849 doctorum
1261 803 1567 856 interueniunt,
1595 797 1729 863 ijsque

468 872 508 922 st
530 870 793 930 immiscent,
816 868 864 918 id
877 867 1005 939 ‘quod
1013 866 1229 936 p'raecipue
1246 874 1291 915 &
1304 866 1477 935 proprie
1499 867 1658 934 spectat
1677 864 1732 912 ad

471 940 646 1008 praesens
659 939 998 1005 Argu-mentum.
1030 936 1134 1001 Q&
1144 941 1190 985 in
1204 954 1262 996 re,
1273 946 1367 984 non
1380 935 1438 984 est
1449 935 1632 984 instituti
1653 950 1734 980 no-

474 1007 546 1057 stri
571 1005 799 1057 Erroribus
824 1002 927 1068 ipfis
949 1005 1228 1068 patrocinari,
1244 1000 1314 1047 sed
1329 1017 1401 1066 per
1415 1019 1566 1050 cotum
1590 1000 1734 1049 censu-

473 1092 567 1123 ram
584 1079 627 1119 &
643 1070 941 1123 secretionem,
954 1083 1147 1115 excutere
1162 1066 1290 1135 quod
1300 1068 1472 1126 sanum,
1484 1076 1529 1116 δε
1544 1069 1735 1117 solidum

478 1141 572 1200 est,
585 1154 716 1204 atque
737 1134 764 1190 ξι
792 1134 1015 1185 calumnia
1041 1136 1272 1184 vindicare.
1313 1136 1525 1186 Videmus
1547 1142 1667 1185 enim
1692 1140 1740 1184 in

479 1199 619 1264 more,
630 1204 861 1274 praesertim
872 1203 991 1271 apud
1003 1203 1195 1262 inuidos,
1207 1202 1300 1264 eise,
1310 1217 1486 1272 propter
1495 1222 1542 1253 ea
1559 1222 1657 1273 quae
1670 1204 1743 1252 de-

482 1291 656 1347 prauata
681 1274 794 1334 sunt,
815 1272 1004 1322 etiamea
1017 1272 1378 1341 quaeimpolluta‚
1394 1280 1438 1321 ὃς
1459 1277 1506 1321 in
1527 1272 1639 1322 statu
1661 1271 1744 1322 suo

486 1345 753 1402 manserunt,
773 1340 993 1408 sugillare;
1013 1340 1400 1410 quemadmodum
1420 1340 1596 1391 Ethnici
1609 1347 1654 1390 in
1663 1345 1748 1408 pri-

488 1413 644 1463 mitiua
655 1408 861 1467 Ecclefiss,
878 1408 1148 1460 Christianos
1158 1412 1479 1461 Haeretieorum
1490 1415 1606 1476 vitijs
1617 1411 1754 1476 asper-

489 1500 586 1551 gere
606 1477 819 1535 [olebant.
851 1482 1014 1549 Neque
1028 1495 1176 1529 tamen
1189 1478 1426 1531 consilium
1439 1479 1499 1529 est
1521 1478 1635 1531 mihi
1654 1496 1752 1527 exa-

489 1569 595 1602 men
604 1548 791 1620 aliqumi
802 1553 1039 1599 accuratius
1052 1548 1284 1611 instituere,
1296 1550 1351 1600 de
1358 1546 1602 1609 Erroribus,
1609 1556 1654 1597 &
1663 1551 1754 1597 Im-

491 1620 1023 1688 pedimentiseriterarum,
1035 1636 1135 1688 quae
1145 1623 1362 1680 interiora,
1376 1627 1420 1667 δε
1437 1619 1463 1668 ὲ
1476 1636 1606 1686 captu
1616 1617 1754 1685 Vulgi
1798 1672 1799 1675 Ἴ

490 1692 752 1746 remotiora‚·
766 1686 836 1742 sed
849 1687 903 1740 de
911 1688 994 1738 iliis
1008 1685 1181 1737 tantum
1194 1686 1326 1737 verba
1337 1686 1588 1756 facere,quae
1598 1685 1763 1734 cadunt

495 1753 572 1819 sub
586 1759 839 1815 communi,
868 1763 915 1804 &
928 1756 1129 1823 populari
1151 1753 1468 1817 obseruatione,
1484 1761 1529 1803 &
1544 1757 1664 1815 notit,
1684 1770 1759 1804 aut

498 1822 651 1873 finirem
660 1821 718 1871 ab
731 1824 778 1871 ea
790 1840 887 1873 non
898 1822 1039 1889 longe
1048 1823 1266 1874 recedunt.

561 1894 799 1956 Qa-retria
809 1889 1029 1960 praecipue
1046 1890 1326 1959 deprehendo
1338 1896 1466 1942 Vana
1486 1893 1762 1945 &Inania‘in
1808 1922 1811 1924 -

502 1962 672 2019 Literis,
682 1977 790 2029 ›quae
800 1958 924 2009 ansas
936 1957 1155 2028 praecipue
1165 1960 1442 2029 praebuerunt
1454 1962 1508 2009 ad
1519 1957 1769 2008 obtree‘tan-
1803 1988 1808 2014 2

504 2026 627 2074 dum.
661 2028 744 2073 Eas
757 2032 880 2072 enim
891 2046 1047 2092 respto
1060 2034 1198 2074 Vanis
1211 2031 1428 2085 ducimus,
1443 2046 1542 2095 quae
1553 2043 1628 2074 aut
1641 2024 1764 2074 Falsae

508 2093 618 2150 sunt,
631 2108 704 2139 aut
717 2091 900 2139 Friuolae
911 2118 931 2157 5>
953 2097 1002 2140 in
1017 2090 1179 2157 quibus
1201 2092 1373 2148 scilicet,
1396 2110 1470 2140 aut
1483 2098 1648 2142 Veritas
1662 2094 1768 2143 defi-

510 2165 583 2220 cit,
594 2174 669 2225 aut
678 2154 788 2208 Vsus
806 2178 817 2203 t
841 2156 946 2206 Illos
962 2156 1092 2206 etiam
1108 2161 1329 2208 Homines
1345 2178 1483 2209 vanos
1503 2168 1547 2210 &
1562 2162 1675 2212 leues
1685 2168 1768 2212 exi-

514 2229 751 2285 stimamus,
800 2229 845 2273 ui
857 2240 932 2274 aut
941 2225 998 2274 ad
1014 2224 1128 2275 Falsa
1142 2228 1334 2288 Grec-iuli,
1347 2246 1421 2277 aut
1432 2237 1476 2277 in
1490 2228 1614 2279 rebus
1628 2237 1769 2299 exigui
1807 2271 1811 2275 .

515 2294 611 2349 ysus
623 2299 762 2344 Curio
800 2331 810 2343 .
844 2290 1084 2343 Curiofitas
1107 2284 1267 2356 autem,
1278 2314 1351 2346 aut
1362 2304 1408 2346 in
1422 2297 1549 2348 rebus
1561 2297 1662 2367 ipsis
1680 2312 1770 2350 ver-
1807 2305 1812 2334 ⁷³

517 2364 641 2420 satur,
652 2378 724 2410 aut
746 2366 792 2412 in
815 2360 987 2423 verbis;
1016 2364 1200 2433 quando
1217 2365 1440 2425 nimirum,
1463 2377 1598 2417 autin
1620 2368 1772 2418 Rebus
1807 2372 1811 2398 ²

519 2428 722 2480 inanibus
736 2447 866 2496 opera
877 2430 1122 2491 insumitur,
1141 2449 1216 2482 aut
1230 2439 1340 2485 circa
1355 2435 1589 2486 verborum
1600 2438 1771 2487 delicias

522 2497 712 2556 nimium
723 2496 953 2548 insudatur.
984 2501 1215 2565 roirc‘a,
1237 2522 1332 2553 non
1342 2522 1463 2555 certae
1479 2511 1616 2573 magis
1638 2510 1770 2573 Expe-

526 2653 573 2686 vt
585 2654 665 2688 tres
675 2651 895 2704 ponantur
906 2640 1224 2690 Doctrinarum
1244 2646 1528 2711 Intemperies.
1554 2645 1694 2692 Prima
1709 2642 1769 2691 est

1552 2715 1768 2761 Doctrina

524 2571 696 2628 rientiae,
714 2583 853 2636 quam
865 2569 1125 2620 reetaeetiam
1138 2573 1320 2623 Rationi
1331 2574 1578 2623 consonum
1591 2575 1770 2635 videtur,
1814 2600 1816 2602 ·
